<record><leader>00000cas a22000007a 4500</leader><controlfield tag="001">71752388</controlfield><controlfield tag="007">hd afu---bucu</controlfield><controlfield tag="008">060926d19761985azusr nea     0    0eng d</controlfield><datafield ind1=" " ind2=" " tag="010"><subfield code="a">  2007209741</subfield></datafield><datafield ind1=" " ind2=" " tag="040"><subfield code="a">IND</subfield><subfield code="b">eng</subfield><subfield code="c">IND</subfield><subfield code="d">DLC</subfield><subfield code="d">OCLCQ</subfield><subfield code="d">OCLCO</subfield><subfield code="d">OCLCA</subfield><subfield code="d">OCLCF</subfield></datafield><datafield ind1="1" ind2=" " tag="029"><subfield code="a">AU@</subfield><subfield code="b">000041318463</subfield></datafield><datafield ind1="0" ind2=" " tag="041"><subfield code="a">eng</subfield><subfield code="a">spa</subfield></datafield><datafield ind1=" " ind2=" " tag="042"><subfield code="a">lccopycat</subfield></datafield><datafield ind1=" " ind2=" " tag="043"><subfield code="a">n-us-az</subfield></datafield><datafield ind1="0" ind2="0" tag="050"><subfield code="a">Newspaper</subfield></datafield><datafield ind1="0" ind2="0" tag="245"><subfield code="a">South Tucson's el independiente</subfield><subfield code="h">[microform].</subfield></datafield><datafield ind1="1" ind2=" " tag="246"><subfield code="i">Also called:</subfield><subfield code="a">Independiente</subfield><subfield code="f">July 11-Aug. 8, 1980</subfield></datafield><datafield ind1=" " ind2=" " tag="260"><subfield code="a">Tucson, Ariz. :</subfield><subfield code="b">Univ. of Arizona, Dept. of Journalism,</subfield><subfield code="c">1976-1985.</subfield></datafield><datafield ind1=" " ind2=" " tag="300"><subfield code="a">11 volumes :</subfield><subfield code="b">illustrations ;</subfield><subfield code="c">38-44 cm</subfield></datafield><datafield ind1=" " ind2=" " tag="310"><subfield code="a">Semimonthly (during academic year)</subfield></datafield><datafield ind1=" " ind2=" " tag="336"><subfield code="a">text</subfield><subfield code="b">txt</subfield><subfield code="2">rdacontent</subfield></datafield><datafield ind1=" " ind2=" " tag="337"><subfield code="a">microform</subfield><subfield code="b">h</subfield><subfield code="2">rdamedia</subfield></datafield><datafield ind1=" " ind2=" " tag="338"><subfield code="a">microfilm reel</subfield><subfield code="b">hd</subfield><subfield code="2">rdacarrier</subfield></datafield><datafield ind1="0" ind2=" " tag="362"><subfield code="a">Vol. 1, no. 1 (May 7, 1976)-v. 9, no. 8 (May 8, 1985).</subfield></datafield><datafield ind1=" " ind2=" " tag="515"><subfield code="a">Some issues lack numbering; issues for Feb. 1985-May 8, 1985 called v. 9, nos. 5, 6, 7 and 8, but constitute v. 11, nos. 5, 6, 7 and 8.</subfield></datafield><datafield ind1=" " ind2=" " tag="515"><subfield code="a">None issueed for vol. 2, no. 3 (1977).</subfield></datafield><datafield ind1=" " ind2=" " tag="530"><subfield code="a">Also issued in print.</subfield></datafield><datafield ind1=" " ind2=" " tag="546"><subfield code="a">In English and Spanish.</subfield></datafield><datafield ind1=" " ind2=" " tag="550"><subfield code="a">Also published by the Editing Program for Minority Journalists, &lt;1980&gt;.</subfield></datafield><datafield ind1=" " ind2=" " tag="533"><subfield code="a">Microfilm.</subfield><subfield code="m">vol. 1, no. 1-v. 3, n. 3 (Oct. 1976-Aug. 1978) Lacks v.3,n.1 1978</subfield><subfield code="b">Sunnyvale, Calif. :</subfield><subfield code="c">Bay Microfilm, Library Microfilms Div.,</subfield><subfield code="e">microfilm reel ; 35 mm.</subfield><subfield code="f">([Chicano serials collection] ; Sec. 15, roll 7).</subfield><subfield code="n">Filmed with other titles.</subfield></datafield><datafield ind1=" " ind2="0" tag="651"><subfield code="a">Tucson (Ariz.)</subfield><subfield code="v">Newspapers.</subfield></datafield><datafield ind1=" " ind2="0" tag="651"><subfield code="a">South Tucson (Ariz.)</subfield><subfield code="v">Newspapers.</subfield></datafield><datafield ind1=" " ind2="0" tag="651"><subfield code="a">Pima County (Ariz.)</subfield><subfield code="v">Newspapers.</subfield></datafield><datafield ind1=" " ind2="7" tag="655"><subfield code="a">Newspapers.</subfield><subfield code="2">fast</subfield><subfield code="0">(OCoLC)fst01423814</subfield></datafield><datafield ind1=" " ind2="7" tag="651"><subfield code="a">Arizona</subfield><subfield code="z">Pima County.</subfield><subfield code="2">fast</subfield><subfield code="0">(OCoLC)fst01205717</subfield></datafield><datafield ind1=" " ind2="7" tag="651"><subfield code="a">Arizona</subfield><subfield code="z">South Tucson.</subfield><subfield code="2">fast</subfield><subfield code="0">(OCoLC)fst01254068</subfield></datafield><datafield ind1=" " ind2="7" tag="651"><subfield code="a">Arizona</subfield><subfield code="z">Tucson.</subfield><subfield code="2">fast</subfield><subfield code="0">(OCoLC)fst01205454</subfield></datafield><datafield ind1="2" ind2=" " tag="710"><subfield code="a">University of Arizona.</subfield><subfield code="b">Department of Journalism.</subfield></datafield><datafield ind1="2" ind2=" " tag="710"><subfield code="a">Editing Program for Minority Journalists.</subfield></datafield><datafield ind1="2" ind2=" " tag="710"><subfield code="a">Institute for Journalism Education.</subfield></datafield><datafield ind1=" " ind2=" " tag="752"><subfield code="a">United States</subfield><subfield code="b">Arizona</subfield><subfield code="c">Pima</subfield><subfield code="d">Tucson.</subfield></datafield><datafield ind1="1" ind2=" " tag="776"><subfield code="c">Original</subfield><subfield code="w">(DLC)sn 95060703</subfield><subfield code="w">(OCoLC)5298398</subfield></datafield><datafield ind1="0" ind2="0" tag="785"><subfield code="t">Independiente (Tucson, Ariz.)</subfield></datafield><datafield ind1=" " ind2="0" tag="830"><subfield code="a">Chicano serials collection ;</subfield><subfield code="v">Sec. 15, roll 7.</subfield></datafield><datafield ind1=" " ind2=" " tag="850"><subfield code="a">DLC</subfield></datafield></record>